% Encoding: UTF-8

@Misc{baldurscguide,
  author = {{Baldur Ãžorgilsson}},
  title =  {Baldurs embedded C guide},
  month =  {12},
  year =   {2014}
}


@Book{bishop,
  Title                    = {Pattern Recogintion and Machine Learning},
  Author                   = {Christopher M. Bishop},
  Publisher                = {Springer},
  Year                     = {2006},

  Owner                    = {olafurjonthoroddsen},
  Timestamp                = {2015.09.21}
}

@Book{duda,
  Title                    = {Pattern classification},
  Author                   = {Richard O. Duda and Peter E. Hart and David G. Stork},
  Publisher                = {Wiley-Interscience},
  Year                     = {2000},
  Edition                  = {2nd Edition},

  Owner                    = {olafurjonthoroddsen},
  Timestamp                = {2015.09.21}
}

@Article{fisheriris,
  Title                    = {The Use of Multiple Measurments in Taxonomic Problems},
  Author                   = {Ronald A Fisher},
  Journal                  = {Annuals of Human Genetics},
  Year                     = {1936},

  Owner                    = {olafurjonthoroddsen},
  Timestamp                = {2015.10.03}
}

