% Encoding: UTF-8

@Misc{ascii,
  author = {{American National Standars Institute}},
  title =  {ASCII},
  month =  {10},
  year =   {1960}
}

@Misc{baldurscguide,
  author = {{Baldur Ãžorgilsson}},
  title =  {Baldurs embedded C guide},
  month =  {12},
  year =   {2014}
}

@Misc{bandpass,
  author =       {Wikipedia},
  title =        {Band-pass filter},
  howpublished = {Internet},
  month =        {3},
  year =         {2016},
  url =          {https://en.wikipedia.org/wiki/Band-pass_filter}
}


@Book{bishop,
  Title                    = {Pattern Recogintion and Machine Learning},
  Author                   = {Christopher M. Bishop},
  Publisher                = {Springer},
  Year                     = {2006},

  Owner                    = {olafurjonthoroddsen},
  Timestamp                = {2015.09.21}
}

@Book{duda,
  Title                    = {Pattern classification},
  Author                   = {Richard O. Duda and Peter E. Hart and David G. Stork},
  Publisher                = {Wiley-Interscience},
  Year                     = {2000},
  Edition                  = {2nd Edition},

  Owner                    = {olafurjonthoroddsen},
  Timestamp                = {2015.09.21}
}

@Article{fisheriris,
  Title                    = {The Use of Multiple Measurments in Taxonomic Problems},
  Author                   = {Ronald A Fisher},
  Journal                  = {Annuals of Human Genetics},
  Year                     = {1936},

  Owner                    = {olafurjonthoroddsen},
  Timestamp                = {2015.10.03}
}

@Misc{highpass,
  author =       {GreenPhotons},
  title =        {About filters and cut-off frequencies},
  howpublished = {Internet},
  month =        {3},
  year =         {2016},
  url =          {http://www.sciencetronics.com/greenphotons/?p=1067}
}

@Misc{lowpass,
  author =       {Wikipedia},
  title =        {Low-pass filter},
  howpublished = {Internet},
  month =        {3},
  year =         {2016},
  url =          {https://en.wikipedia.org/wiki/Low-pass_filter}
}

